@BOOK{mumford:intelligentsystems,
	AUTHOR = "Christine L. Mumford and Lakhmi C. Jain",
	TITLE = "Computational Intelligence: Collaboration, Fusion and Emergence",
	PUBLISHER = "Springer",
	ADDRESS = "Berlin",
	YEAR = "2009"}
	
@BOOK{pawar:fuzzy,
	AUTHOR = "Prashant M. Pawar and Ranjan Ganguli",
	TITLE = "Structural Health Monitoring Using Genetic Fuzzy Systems",
	PUBLISHER = "Springer",
	ADDRESS = "New York",
	YEAR = "2011"}

@ARTICLE{torres:evonorm,
	AUTHOR = "Luis Torres-T",
	TITLE = "EvoNorm, a new evolutionary algorithm to continuous optimization",
	JOURNAL = "",
	VOLUME = {},
	NUMBER = {},
	PAGES = {},
	MONTH = "",
	YEAR = {2006}	}

@ARTICLE{torres:evonorm2,
	AUTHOR = "Luis Torres-T",
	TITLE = "EvoNorm: Easy and Effective Implementation of Estimation of Distribution Algorithms",
	JOURNAL = "Advances in Computer Science and Engineering",
	VOLUME = {23},
	NUMBER = {},
	PAGES = {75-83},
	MONTH = "November",
	YEAR = {2006}	}

@ARTICLE{torres:evonorm3,
	AUTHOR = "Luis Torres-T",
	TITLE = "A Mathematical Model of a Cold Rolling Mill by Symbolic Regression alpha-beta",
	JOURNAL = "",
	VOLUME = {},
	NUMBER = {},
	PAGES = {},
	MONTH = "November",
	YEAR = {2014}	}
	
@ARTICLE{koshiyama:gfs,
	AUTHOR = "A. Koshiyama and others",
	TITLE = "GPFIS-CLASS: A Genetic Fuzzy System based on Genetic Programming for classification problems",
	JOURNAL = "Applied Soft Computing",
	VOLUME = {37},
	NUMBER = {},
	PAGES = {561-571},
	MONTH = "",
	YEAR = {2015}	}
	
@ARTICLE{odeh:flc,
	AUTHOR = "S. M. Odeh and others",
	TITLE = "A Hybrid Fuzzy Genetic Algorithm for an Adaptive Traffic Signal System",
	JOURNAL = "Advances in Fuzzy Systems",
	VOLUME = {2015},
	NUMBER = {},
	PAGES = {1-11},
	MONTH = "August",
	YEAR = {2015}	}

  
@misc{donadio:nf,
  author = {Matt Donadio},
  title = {{How to Generate White Gaussian Noise}},
  howpublished = "\url{http://dspguru.com/dsp/howtos/how-to-generate-white-gaussian-noise}",
  year = {}, 
  note = ""
}
